<?xml version="1.0" encoding="UTF-8"?><collection xmlns="http://www.loc.gov/MARC21/slim"><record><leader>00548nam--2200181-i-4500</leader><controlfield tag="001">000024283</controlfield><controlfield tag="002">20161230</controlfield><controlfield tag="005">20161230201035</controlfield><controlfield tag="008">060222s1000------------r-----000-0-fre-d</controlfield><datafield ind1=" " ind2=" " tag="040"><subfield code="a">IFIN-HH</subfield></datafield><datafield ind1=" " ind2=" " tag="041"><subfield code="a">fre</subfield></datafield><datafield ind1=" " ind2=" " tag="080"><subfield code="a">539.196.3:541.1:621</subfield></datafield><datafield ind1="1" ind2=" " tag="100"><subfield code="a">Halberstadt, Nadine</subfield></datafield><datafield ind1="1" ind2="0" tag="245"><subfield code="a">Dissociation laser des complexes de van der waals d`une molecule polyatomique en jet supersonque</subfield><subfield code="b">These</subfield><subfield code="c">Nadine halberstadt</subfield></datafield><datafield ind1=" " ind2=" " tag="260"><subfield code="a">Orsay</subfield><subfield code="b">Universite De Paris-sud</subfield><subfield code="c">1982</subfield></datafield><datafield ind1=" " ind2=" " tag="300"><subfield code="a">274 P</subfield></datafield><datafield ind1=" " ind2=" " tag="852"><subfield code="a">71126</subfield><subfield code="c">539.19</subfield></datafield><datafield ind1=" " ind2=" " tag="CAT"><subfield code="a">Sys</subfield><subfield code="c">20120717</subfield><subfield code="h">141335</subfield></datafield></record></collection>